
					@article{item1,
						author = {"jeffry dahmer"},
						journal = {"journal or berd"},
						year = {"2013"},
						title = {"birds are good"}
					}
					
					@article{item2,
						author = {"hassan sherbly"},
						journal = {"jods"},
						year = {"1991"},
						title = {"special carsgud"}
					}
					