@article{28675934,
	author={Maester Le Gator},
	journal={Journal of OK Bro},
	title={{Alligator, the Bird}},
}@article{73599909,
	author={a good author jason},
	journal={journal of good},
	title={{a good book}},
}
